https://guides.codepath.com/android/Using-the-RecyclerView#defining-a-model
